@inproceedings{hasabnis2016extracting,
  title={Extracting instruction semantics via symbolic execution of code generators},
  author={Hasabnis, Niranjan and Sekar, R},
  booktitle={Proceedings of the 2016 24th ACM SIGSOFT International Symposium on Foundations of Software Engineering},
  pages={301--313},
  year={2016},
  organization={ACM}
}
@inproceedings{krebbers2014formal,
  title={Formal {C} semantics: {C}omp{C}ert and the {C} standard},
  author={Krebbers, Robbert and Leroy, Xavier and Wiedijk, Freek},
  booktitle={International Conference on Interactive Theorem Proving},
  pages={543--548},
  year={2014},
  organization={Springer}
}

@article{boldo2015verified,
  title={Verified compilation of floating-point computations},
  author={Boldo, Sylvie and Jourdan, Jacques-Henri and Leroy, Xavier and Melquiond, Guillaume},
  journal={Journal of Automated Reasoning},
  volume={54},
  number={2},
  pages={135--163},
  year={2015},
  publisher={Springer}
}



@article{Leroy-backend,
  author = {Xavier Leroy},
  title = {A formally verified compiler back-end},
  journal = {Journal of Automated Reasoning},
  volume = 43,
  number = 4,
  pages = {363--446},
  year = 2009,
  url = {http://xavierleroy.org/publi/compcert-backend.pdf},
  urlpublisher = {http://dx.doi.org/10.1007/s10817-009-9155-4},
  hal = {http://hal.inria.fr/inria-00360768/},
  pubkind = {journal-int-mono}
}
@article{leroy2009formal,
  title={Formal verification of a realistic compiler},
  author={Leroy, Xavier},
  journal={Communications of the ACM},
  volume={52},
  number={7},
  pages={107--115},
  year={2009},
  publisher={ACM}
}
@article{leroy2012compcert,
  title={The {C}omp{C}ert verified compiler},
  author={Leroy, Xavier and others},
  journal={Documentation and userâ€™s manual. INRIA Paris-Rocquencourt},
  year={2012}
}
@article{costanzo2016end,
  title={End-to-end verification of information-flow security for C and assembly programs},
  author={Costanzo, David and Shao, Zhong and Gu, Ronghui},
  journal={ACM SIGPLAN Notices},
  volume={51},
  number={6},
  pages={648--664},
  year={2016},
  publisher={ACM}
}

@article{sewell2010x86,
  title={x86-{TSO}: a rigorous and usable programmer's model for x86 multiprocessors},
  author={Sewell, Peter and Sarkar, Susmit and Owens, Scott and Nardelli, Francesco Zappa and Myreen, Magnus O},
  journal={Communications of the ACM},
  volume={53},
  number={7},
  pages={89--97},
  year={2010},
  publisher={ACM}
}

@article{vsevvcik2013compcerttso,
  title={{C}omp{C}ert{TSO}: A verified compiler for relaxed-memory concurrency},
  author={{\v{S}}ev{\v{c}}{\'\i}k, Jaroslav and Vafeiadis, Viktor and Zappa Nardelli, Francesco and Jagannathan, Suresh and Sewell, Peter},
  journal={Journal of the ACM (JACM)},
  volume={60},
  number={3},
  pages={22},
  year={2013},
  publisher={ACM}
}



@inproceedings{Hardin15,
  author    = {David S. Hardin},
  editor    = {Matt Kaufmann and
               David L. Rager},
  title     = {Reasoning About {LLVM} Code Using Codewalker},
  booktitle = {Proceedings Thirteenth International Workshop on the {ACL2} Theorem
               Prover and Its Applications, Austin, Texas, USA, 1-2 October 2015.},
  series    = {{EPTCS}},
  volume    = {192},
  pages     = {79--92},
  year      = {2015},
  url       = {https://doi.org/10.4204/EPTCS.192.7},
  doi       = {10.4204/EPTCS.192.7},
  timestamp = {Wed, 03 May 2017 14:47:57 +0200},
  biburl    = {https://dblp.org/rec/bib/journals/corr/Hardin15},
  bibsource = {dblp computer science bibliography, https://dblp.org}
}

@techreport{hunt2012towards,
  title={Towards a Formal Model of the X86 {ISA}},
  author={Hunt Jr, Warren and Kaufmann, Matt},
  year={2012},
  institution={University of Texas at Austin Austin United States}
}

@book{kaufmann2013computer,
  title={Computer-aided reasoning: {ACL}2 case studies},
  author={Kaufmann, Matt and Manolios, Panagiotis and Moore, J Strother},
  volume={4},
  year={2013},
  publisher={Springer Science \& Business Media}
}

@inproceedings{Goel14,
 author = {Goel, Shilpi and Hunt, Warren A. and Kaufmann, Matt and Ghosh, Soumava},
 title = {Simulation and Formal Verification of x86 Machine-Code Programs That Make System Calls},
 booktitle = {Proceedings of the 14th Conference on Formal Methods in Computer-Aided Design},
 series = {FMCAD '14},
 year = {2014},
 isbn = {978-0-9835678-4-4},
 location = {Lausanne, Switzerland},
 pages = {18:91--18:98},
 articleno = {18},
 numpages = {8},
 url = {http://dl.acm.org/citation.cfm?id=2682923.2682944},
 acmid = {2682944},
 publisher = {FMCAD Inc},
 address = {Austin, TX},
} 
@incollection{goel2017engineering,
  title={Engineering a formal, executable x86 ISA simulator for software verification},
  author={Goel, Shilpi and Hunt, Warren A and Kaufmann, Matt},
  booktitle={Provably Correct Systems},
  pages={173--209},
  year={2017},
  publisher={Springer}
}



@inproceedings{luk2005pin,
  title={Pin: building customized program analysis tools with dynamic instrumentation},
  author={Luk, Chi-Keung and Cohn, Robert and Muth, Robert and Patil, Harish and Klauser, Artur and Lowney, Geoff and Wallace, Steven and Reddi, Vijay Janapa and Hazelwood, Kim},
  booktitle={Acm sigplan notices},
  volume={40},
  number={6},
  pages={190--200},
  year={2005},
  organization={ACM}
}

@inproceedings{schkufza2013stochastic,
  title={Stochastic superoptimization},
  author={Schkufza, Eric and Sharma, Rahul and Aiken, Alex},
  booktitle={ACM SIGARCH Computer Architecture News},
  volume={41},
  number={1},
  pages={305--316},
  year={2013},
  organization={ACM}
}


@manual{4610935, 
author={}, 
journal={IEEE Std 754-2008}, 
title={IEEE Standard for Floating-Point Arithmetic}, 
volume={}, 
number={}, 
pages={1-70}, 
keywords={IEEE standards;floating point arithmetic;programming;IEEE standard;arithmetic formats;computer programming;decimal floating-point arithmetic;754-2008;NaN;arithmetic;binary;computer;decimal;exponent;floating-point;format;interchange;number;rounding;significand;subnormal}, 
doi={10.1109/IEEESTD.2008.4610935}, 
ISSN={}, 
month={Aug},}

@inproceedings{godefroid2012automated,
  title={Automated synthesis of symbolic instruction encodings from I/O samples},
  author={Godefroid, Patrice and Taly, Ankur},
  booktitle={ACM SIGPLAN Notices},
  volume={47},
  number={6},
  pages={441--452},
  year={2012},
  organization={ACM}
}

@inproceedings{ballarin2003locales,
  title={Locales and locale expressions in {I}sabelle/{I}sar},
  author={Ballarin, Clemens},
  booktitle={International Workshop on Types for Proofs and Programs},
  pages={34--50},
  year={2003},
  organization={Springer}
}

@book{nipkow2002isabelle,
  title={Isabelle/{HOL}: a proof assistant for higher-order logic},
  author={Nipkow, Tobias and Paulson, Lawrence C and Wenzel, Markus},
  volume={2283},
  year={2002},
  publisher={Springer Science \& Business Media}
}

@article{Woodcock09,
 author = {Woodcock, Jim and Larsen, Peter Gorm and Bicarregui, Juan and Fitzgerald, John},
 title = {Formal Methods: Practice and Experience},
 journal = {ACM Computing Survey},
 issue_date = {October 2009},
 volume = {41},
 number = {4},
 month = oct,
 year = {2009},
 issn = {0360-0300},
 pages = {19:1--19:36},
 articleno = {19},
 numpages = {36},
 url = {http://doi.acm.org/10.1145/1592434.1592436},
 doi = {10.1145/1592434.1592436},
 acmid = {1592436},
 publisher = {ACM},
 address = {New York, NY, USA},
 keywords = {Experimental software engineering, formal methods surveys, grand challenges, verified software initiative, verified software repository},
} 


@incollection{rushby1997formal,
  title={Formal methods and their role in the certification of critical systems},
  author={Rushby, John},
  booktitle={Safety and reliability of software based systems},
  pages={1--42},
  year={1997},
  publisher={Springer}
}

@inproceedings{kumarsoftware,
  title={Software Verification with ITPs Should Use Binary Code Extraction to Reduce the TCB},
  author={Kumar, Ramana and Mullen, Eric and Tatlock, Zachary and Myreen, Magnus O},
	booktitle={International Conference on Interactive Theorem Proving (ITP'18)},
	year = {2018}
}

@inproceedings{sarkar2009semantics,
  title={The semantics of x86-{CC} multiprocessor machine code},
  author={Sarkar, Susmit and Sewell, Peter and Nardelli, Francesco Zappa and Owens, Scott and Ridge, Tom and Braibant, Thomas and Myreen, Magnus O and Alglave, Jade},
  booktitle={ACM SIGPLAN Notices},
  volume={44},
  number={1},
  pages={379--391},
  year={2009},
  organization={ACM}
}
@inproceedings{myreen2010verified,
  title={Verified just-in-time compiler on x86},
  author={Myreen, Magnus O},
  booktitle={ACM Sigplan Notices},
  volume={45},
  number={1},
  pages={107--118},
  year={2010},
  organization={ACM}
}
@INPROCEEDINGS{4689183, 
author={M. O. Myreen and M. J. C. Gordon and K. Slind}, 
booktitle={2008 Formal Methods in Computer-Aided Design}, 
title={Machine-Code Verification for Multiple Architectures -- An Application of Decompilation into Logic}, 
year={2008}, 
volume={}, 
number={}, 
pages={1-8}, 
doi={10.1109/FMCAD.2008.ECP.24}, 
ISSN={}, 
month={Nov},}
@inproceedings{myreen2012decompilation,
  title={Decompilation into logic -- {I}mproved},
  author={Myreen, Magnus O and Gordon, Michael JC and Slind, Konrad},
  booktitle={Formal Methods in Computer-Aided Design (FMCAD), 2012},
  pages={78--81},
  year={2012},
  organization={IEEE}
}

@inproceedings{klein2009sel4,
  title={seL4: Formal verification of an OS kernel},
  author={Klein, Gerwin and Elphinstone, Kevin and Heiser, Gernot and Andronick, June and Cock, David and Derrin, Philip and Elkaduwe, Dhammika and Engelhardt, Kai and Kolanski, Rafal and Norrish, Michael and others},
  booktitle={Proceedings of the ACM SIGOPS 22nd symposium on Operating systems principles},
  pages={207--220},
  year={2009},
  organization={ACM}
}
@inproceedings{sewell2013translation,
  title={Translation validation for a verified OS kernel},
  author={Sewell, Thomas Arthur Leck and Myreen, Magnus O and Klein, Gerwin},
  booktitle={ACM SIGPLAN Notices},
  volume={48},
  number={6},
  pages={471--482},
  year={2013},
  organization={ACM}
}

@inproceedings{tan2016new,
  title={A new verified compiler backend for CakeML},
  author={Tan, Yong Kiam and Myreen, Magnus O and Kumar, Ramana and Fox, Anthony and Owens, Scott and Norrish, Michael},
  booktitle={ACM SIGPLAN Notices},
  volume={51},
  number={9},
  pages={60--73},
  year={2016},
  organization={ACM}
}

@inproceedings{kumar2014cakeml,
  title={CakeML: a verified implementation of ML},
  author={Kumar, Ramana and Myreen, Magnus O and Norrish, Michael and Owens, Scott},
  booktitle={ACM SIGPLAN Notices},
  volume={49},
  number={1},
  pages={179--191},
  year={2014},
  organization={ACM}

@inproceedings{matthews2006verification,
  title={Verification condition generation via theorem proving},
  author={Matthews, John and Moore, J Strother and Ray, Sandip and Vroon, Daron},
  booktitle={International Conference on Logic for Programming Artificial Intelligence and Reasoning},
  pages={362--376},
  year={2006},
  organization={Springer}
}



@inproceedings{sulaman2014development,
  title={Development of Safety-Critical Software Systems Using Open Source Software -- A Systematic Map},
  author={Sulaman, Sardar Muhammad and Orucevic-Alagic, Alma and Borg, Markus and Wnuk, Krzysztof and H{\"o}st, Martin and de la Vara, Jose Luis},
  booktitle={Software Engineering and Advanced Applications (SEAA), 2014 40th EUROMICRO Conference on},
  pages={17--24},
  year={2014},
  organization={IEEE}
}

@book{eagle2011ida,
  title={The IDA pro book},
  author={Eagle, Chris},
  year={2011},
  publisher={No Starch Press}
}

@inproceedings{balakrishnan2005codesurfer,
  title={CodeSurfer/x86 -- A platform for analyzing x86 executables},
  author={Balakrishnan, Gogul and Gruian, Radu and Reps, Thomas and Teitelbaum, Tim},
  booktitle={International Conference on Compiler Construction},
  pages={250--254},
  year={2005},
  organization={Springer}
}

@article{quynh2014capstone,
  title={Capstone: Next-gen disassembly framework},
  author={Quynh, Nguyen Anh},
  journal={Black Hat USA},
  year={2014}
}

@inproceedings{heule2016,
 author = {Heule, Stefan and Schkufza, Eric and Sharma, Rahul and Aiken, Alex},
 title = {Stratified Synthesis: Automatically Learning the x86-64 Instruction Set},
 booktitle = {Proceedings of the 37th ACM SIGPLAN Conference on Programming Language Design and Implementation},
 series = {PLDI '16},
 year = {2016},
 isbn = {978-1-4503-4261-2},
 location = {Santa Barbara, CA, USA},
 pages = {237--250},
 numpages = {14},
 url = {http://doi.acm.org/10.1145/2908080.2908121},
 doi = {10.1145/2908080.2908121},
 acmid = {2908121},
 publisher = {ACM},
 address = {New York, NY, USA},
 keywords = {ISA specification, program synthesis, x86-64},
}

@inproceedings{wang2017ramblr,
  title={Ramblr: Making Reassembly Great Again},
  author={Wang, Ruoyu and Shoshitaishvili, Yan and Bianchi, Antonio and Machiry, Aravind and Grosen, John and Grosen, Paul and Kruegel, Christopher and Vigna, Giovanni},
  booktitle={Proceedings of the 24th Annual Symposium on Network and Distributed System Security (NDSS'17)},
  year={2017}
}

@inproceedings{barrett2010smt,
  title={The {SMT}-{LIB} standard: Version 2.0},
  author={Barrett, Clark and Stump, Aaron and Tinelli, Cesare and others},
  booktitle={Proceedings of the 8th International Workshop on Satisfiability Modulo Theories (Edinburgh, England)},
  volume={13},
  pages={14},
  year={2010}
}

@article{dawson2009isabelle,
  title={Isabelle theories for machine words},
  author={Dawson, Jeremy},
  journal={Electronic Notes in Theoretical Computer Science},
  volume={250},
  number={1},
  pages={55--70},
  year={2009},
  publisher={Elsevier}
}
@inproceedings{murray2013sel4,
  title={se{L}4: from general purpose to a proof of information flow enforcement},
  author={Murray, Toby and Matichuk, Daniel and Brassil, Matthew and Gammie, Peter and Bourke, Timothy and Seefried, Sean and Lewis, Corey and Gao, Xin and Klein, Gerwin},
  booktitle={Security and Privacy (SP), 2013 IEEE Symposium on},
  pages={415--429},
  year={2013},
  organization={IEEE}
}

@article{matichuk2016eisbach,
  title={Eisbach: A proof method language for {I}sabelle},
  author={Matichuk, Daniel and Murray, Toby and Wenzel, Makarius},
  journal={Journal of Automated Reasoning},
  volume={56},
  number={3},
  pages={261--282},
  year={2016},
  publisher={Springer}
}



@inproceedings{cowan1999protecting,
  title={Protecting systems from stack smashing attacks with StackGuard},
  author={Cowan, Crispin and Beattie, Steve and Day, Ryan Finnin and Pu, Calton and Wagle, Perry and Walthinsen, Erik},
  booktitle={Linux Expo},
  year={1999}
}

@inproceedings{de2008z3,
  title={Z3: An efficient {SMT} solver},
  author={De Moura, Leonardo and Bj{\o}rner, Nikolaj},
  booktitle={International conference on Tools and Algorithms for the Construction and Analysis of Systems},
  pages={337--340},
  year={2008},
  organization={Springer}
}

@inproceedings{barrett2011cvc4,
  title={Cvc4},
  author={Barrett, Clark and Conway, Christopher L and Deters, Morgan and Hadarean, Liana and Jovanovi{\'c}, Dejan and King, Tim and Reynolds, Andrew and Tinelli, Cesare},
  booktitle={International Conference on Computer Aided Verification},
  pages={171--177},
  year={2011},
  organization={Springer}
}

@phdthesis{foster2009bidirectional,
  title={Bidirectional programming languages},
  author={Foster, John Nathan},
  year={2009},
  school={University of Pennsylvania}
}
@article{guide2011intel,
  title={Intel{\textregistered} 64 and IA-32 Architectures Software Developerâ€™s Manual},
  author={Guide, Part},
  journal={Volume 3B: System programming Guide, Part},
  volume={2},
  year={2011},
  publisher={Citeseer}
}

@inproceedings{fox2010trustworthy,
  title={A trustworthy monadic formalization of the ARMv7 instruction set architecture},
  author={Fox, Anthony and Myreen, Magnus O},
  booktitle={International Conference on Interactive Theorem Proving},
  pages={243--258},
  year={2010},
  organization={Springer}
}
@article{arm2012architecture,
  title={Architecture Reference Manual},
  author={ARM, ARM},
  journal={ARMv7-A and ARMv7-R edition},
  year={2012}
}